<?xml version="1.0" encoding="UTF-8"?><record xmlns="http://www.loc.gov/MARC21/slim" xmlns:cinclude="http://apache.org/cocoon/include/1.0" xmlns:zs="http://www.loc.gov/zing/srw/">
  <leader>01358cz  a2200253n  4500</leader>
  <controlfield tag="001">nb2011033166</controlfield>
  <controlfield tag="003">DLC</controlfield>
  <controlfield tag="005">20150430073905.0</controlfield>
  <controlfield tag="008">111219n| azannaabn          |n aaa      </controlfield>
  <datafield tag="010" ind1=" " ind2=" ">
    <subfield code="a">nb2011033166</subfield>
  </datafield>
  <datafield tag="035" ind1=" " ind2=" ">
    <subfield code="a">(OCoLC)oca09070033</subfield>
  </datafield>
  <datafield tag="040" ind1=" " ind2=" ">
    <subfield code="a">Uk</subfield>
    <subfield code="b">eng</subfield>
    <subfield code="e">rda</subfield>
    <subfield code="c">Uk</subfield>
    <subfield code="d">Uk</subfield>
    <subfield code="d">DLC</subfield>
    <subfield code="d">Uk</subfield>
    <subfield code="d">IEN</subfield>
  </datafield>
  <datafield tag="046" ind1=" " ind2=" ">
    <subfield code="f">19640828</subfield>
  </datafield>
  <datafield tag="100" ind1="1" ind2=" ">
    <subfield code="a">Tautges, Paul</subfield>
  </datafield>
  <datafield tag="370" ind1=" " ind2=" ">
    <subfield code="c">United States</subfield>
    <subfield code="e">Sheboygan (Wis.)</subfield>
    <subfield code="2">naf</subfield>
  </datafield>
  <datafield tag="372" ind1=" " ind2=" ">
    <subfield code="a">Church work</subfield>
    <subfield code="a">Preaching</subfield>
    <subfield code="a">Teaching</subfield>
    <subfield code="a">Pastoral counseling</subfield>
    <subfield code="2">lcsh</subfield>
  </datafield>
  <datafield tag="373" ind1=" " ind2=" ">
    <subfield code="a">Immanuel Bible Church (Sheboygan, Wis.)</subfield>
    <subfield code="a">Association of Certified Biblical Counselors</subfield>
    <subfield code="a">International Association of Biblical Counselors</subfield>
  </datafield>
  <datafield tag="374" ind1=" " ind2=" ">
    <subfield code="a">Clergy</subfield>
    <subfield code="a">Teachers</subfield>
    <subfield code="a">Counselors</subfield>
    <subfield code="2">lcsh</subfield>
  </datafield>
  <datafield tag="375" ind1=" " ind2=" ">
    <subfield code="a">male</subfield>
  </datafield>
  <datafield tag="377" ind1=" " ind2=" ">
    <subfield code="a">eng</subfield>
  </datafield>
  <datafield tag="670" ind1=" " ind2=" ">
    <subfield code="a">Teach them to pray, 2010:</subfield>
    <subfield code="b">t.p. (Paul Tautges)</subfield>
  </datafield>
  <datafield tag="670" ind1=" " ind2=" ">
    <subfield code="a">Help! I can't get motivated, 2011:</subfield>
    <subfield code="b">t.p.(consulting editor : Dr. Paul Tautges)</subfield>
  </datafield>
  <datafield tag="670" ind1=" " ind2=" ">
    <subfield code="a">Comfort the grieving, 2015:</subfield>
    <subfield code="b">ECIP t.p. (Paul Tautges) data view (Birth Date: 8/28/1964; Immanuel Bible Church. Sheboygan, Wisconsin as pastor-teacher since 1992; biblical counselor certified with the Association of Certified Biblical Counselors (ACBC) and the International Association of Biblical Counselors (IABC))</subfield>
  </datafield>
  <datafield tag="670" ind1=" " ind2=" ">
    <subfield code="a">Counsel one another, c2009:</subfield>
    <subfield code="b">t.p. (Paul Tautges) back cover (has served Immanuel Bible Church in Sheboygan, Wisconsin as pastor-teacher; a biblical counselor)</subfield>
  </datafield>
</record>